

@book{klenke2013,
    author = {Achim Klenke},
    title = {Wahrscheinlichkeitstheorie},
    publisher = {Springer},
    edition = {3},
    year = {2013}
}